@inproceedings{reddy2012visual,
  title={Visual analytics for dynamic evacuation planning},
  author={Reddy, Rajesh and H{\"o}ferlin, Markus and Dambier, Michael and Weiskopf, Daniel},
  booktitle={Proceedings of EuroVA 2012: International Workshop on Visual Analytics},
  pages={13--17},
  year={2012}
}

@inproceedings{ribarsky2010mobile,
  title={Mobile application for first response and emergency evacuation in Urban settings},
  author={Ribarsky, William and Subramanian, Kalpathi R and Liu, Jianfei and Obirieze, Onyewuchi and Guest, Jack},
  booktitle={Proceedings of the 1st International Conference and Exhibition on Computing for Geospatial Research \& Application},
  pages={62},
  year={2010},
  organization={ACM}
}

@article{kim2008mobile,
  title={Mobile analytics for emergency response and training},
  author={Kim, SungYe and Maciejewski, Ross and Ostmo, Karl and Delp, Edward J and Collins, Timothy F and Ebert, David S},
  journal={Information Visualization},
  volume={7},
  number={1},
  pages={77--88},
  year={2008},
  publisher={SAGE Publications}
}

@inproceedings{kleiner2009operator,
  title={Operator-assistive mapping in harsh environments},
  author={Kleiner, Alexander and Dornhege, Christian},
  booktitle={Safety, Security \& Rescue Robotics (SSRR), 2009 IEEE International Workshop on},
  pages={1--6},
  year={2009},
  organization={IEEE}
}

@incollection{pellenz2010stable,
  title={Stable mapping using a hyper particle filter},
  author={Pellenz, Johannes and Paulus, Dietrich},
  booktitle={RoboCup 2009: Robot Soccer World Cup XIII},
  pages={252--263},
  year={2010},
  publisher={Springer}
}

@inproceedings{wirth2007exploration,
  title={Exploration transform: A stable exploring algorithm for robots in rescue environments},
  author={Wirth, Stephan and Pellenz, Johannes},
  booktitle={Safety, Security and Rescue Robotics, 2007. SSRR 2007. IEEE International Workshop on},
  pages={1--5},
  year={2007},
  organization={IEEE}
}

@article{dornhege2013frontier,
  title={A frontier-void-based approach for autonomous exploration in 3D},
  author={Dornhege, Christian and Kleiner, Alexander},
  journal={Advanced Robotics},
  volume={27},
  number={6},
  pages={459--468},
  year={2013},
  publisher={Taylor \& Francis}
}

@inproceedings{bock2014interactive,
  title={An interactive visualization system for urban search \& rescue mission planning},
  author={Bock, Alexander and Kleiner, Alexander and Lundberg, Jonas and Ropinski, Timo},
  booktitle={Safety, Security, and Rescue Robotics (SSRR), 2014 IEEE International Symposium on},
  pages={1--7},
  year={2014},
  organization={IEEE}
}

@inproceedings{richter2010out,
  title={Out-of-core real-time visualization of massive 3D point clouds},
  author={Richter, Rico and D{\"o}llner, J{\"u}rgen},
  booktitle={Proceedings of the 7th International Conference on Computer Graphics, Virtual Reality, Visualisation and Interaction in Africa},
  pages={121--128},
  year={2010},
  organization={ACM}
}

@inproceedings{xu2004stylized,
  title={Stylized rendering of 3D scanned real world environments},
  author={Xu, Hui and Chen, Baoquan},
  booktitle={Proceedings of the 3rd international symposium on Non-photorealistic animation and rendering},
  pages={25--34},
  year={2004},
  organization={ACM}
}

@article{dellepiane2011real,
  title={Real-time rendering of massive unstructured raw point clouds using screen-space operators},
  author={Dellepiane, M and Niccolucci, F and Serna, S Pena and Rushmeier, H and Van Gool, L},
  year={2011},
  publisher={Citeseer}
}

@inproceedings{Pintus:2011:RRM:2384495.2384513,
 author = {Pintus, Ruggero and Gobbetti, Enrico and Agus, Marco},
 title = {Real-time Rendering of Massive Unstructured Raw Point Clouds Using Screen-space Operators},
 booktitle = {Proceedings of the 12th International Conference on Virtual Reality, Archaeology and Cultural Heritage},
 series = {VAST'11},
 year = {2011},
 isbn = {978-3-905674-34-7},
 location = {Prato, Italy},
 pages = {105--112},
 numpages = {8},
 url = {http://dx.doi.org/10.2312/VAST/VAST11/105-112},
 doi = {10.2312/VAST/VAST11/105-112},
 acmid = {2384513},
 publisher = {Eurographics Association},
 address = {Aire-la-Ville, Switzerland, Switzerland},
}

@article{fabio2003point,
  title={From point cloud to surface: the modeling and visualization problem},
  author={Fabio, Remondino and others},
  journal={International Archives of Photogrammetry, Remote Sensing and Spatial Information Sciences},
  volume={34},
  number={5},
  pages={W10},
  year={2003}
}

@inproceedings{holzer2012adaptive,
  title={Adaptive neighborhood selection for real-time surface normal estimation from organized point cloud data using integral images},
  author={Holzer, Stefan and Rusu, Radu Bogdan and Dixon, M and Gedikli, Suat and Navab, Nassir},
  booktitle={Intelligent Robots and Systems (IROS), 2012 IEEE/RSJ International Conference on},
  pages={2684--2689},
  year={2012},
  organization={IEEE}
}

@article{nagai2015tomographic,
  title={Tomographic surface reconstruction from point cloud},
  author={Nagai, Yukie and Ohtake, Yutaka and Suzuki, Hiromasa},
  journal={Computers \& Graphics},
  volume={46},
  pages={55--63},
  year={2015},
  publisher={Elsevier}
}

@inproceedings{rusu20113d,
  title={3d is here: Point cloud library (pcl)},
  author={Rusu, Radu Bogdan and Cousins, Steve},
  booktitle={Robotics and Automation (ICRA), 2011 IEEE International Conference on},
  pages={1--4},
  year={2011},
  organization={IEEE}
}

@incollection{batty2006visualization,
  title={Visualization in spatial modeling},
  author={Batty, Michael and Steadman, Philip and Xie, Yichun},
  booktitle={Complex artificial environments},
  pages={49--70},
  year={2006},
  publisher={Springer}
}

@article{fruh2003constructing,
  title={Constructing 3D city models by merging aerial and ground views},
  author={Fruh, Christian and Zakhor, Avideh},
  journal={Computer Graphics and Applications, IEEE},
  volume={23},
  number={6},
  pages={52--61},
  year={2003},
  publisher={IEEE}
}

@inproceedings{merrell2007example,
  title={Example-based model synthesis},
  author={Merrell, Paul},
  booktitle={Proceedings of the 2007 symposium on Interactive 3D graphics and games},
  pages={105--112},
  year={2007},
  organization={ACM}
}

@book{muller2006procedural,
  title={Procedural modeling of buildings},
  author={M{\"u}ller, Pascal and Wonka, Peter and Haegler, Simon and Ulmer, Andreas and Van Gool, Luc},
  volume={25},
  number={3},
  year={2006},
  publisher={ACM}
}

@inproceedings{muller2007image,
  title={Image-based procedural modeling of facades},
  author={M{\"u}ller, Pascal and Zeng, Gang and Wonka, Peter and Van Gool, Luc},
  booktitle={ACM Transactions on Graphics (TOG)},
  volume={26},
  number={3},
  pages={85},
  year={2007},
  organization={ACM}
}

@inproceedings{parish2001procedural,
  title={Procedural modeling of cities},
  author={Parish, Yoav IH and M{\"u}ller, Pascal},
  booktitle={Proceedings of the 28th annual conference on Computer graphics and interactive techniques},
  pages={301--308},
  year={2001},
  organization={ACM}
}

@article{ribarsky2002urban,
  title={From urban terrain models to visible cities},
  author={Ribarsky, William and Wasilewski, Tony and Faust, Nickolas},
  journal={Computer Graphics and Applications, IEEE},
  volume={22},
  number={4},
  pages={10--15},
  year={2002},
  publisher={IEEE}
}

@article{batty1993urban,
  title={Urban modeling in computer-graphic and geographic information system environments},
  author={Batty, Michael},
  journal={Environment and Planning B},
  volume={19},
  pages={663--663},
  year={1993},
  publisher={Pion Ltd}
}

@article{batty1997virtual,
  title={Virtual geography},
  author={Batty, Michael},
  journal={Futures},
  volume={29},
  number={4},
  pages={337--352},
  year={1997},
  publisher={Elsevier}
}

@article{dorling2006worldmapper,
  title={WORLDMAPPER: the world as you've never seen it before},
  author={Dorling, Danny and Barford, Anna and Newman, Mark},
  journal={Visualization and Computer Graphics, IEEE Transactions on},
  volume={12},
  number={5},
  pages={757--764},
  year={2006},
  publisher={IEEE}
}

@inproceedings{hertzmann2001image,
  title={Image analogies},
  author={Hertzmann, Aaron and Jacobs, Charles E and Oliver, Nuria and Curless, Brian and Salesin, David H},
  booktitle={Proceedings of the 28th annual conference on Computer graphics and interactive techniques},
  pages={327--340},
  year={2001},
  organization={ACM}
}

@article{panse2006visualization,
  title={Visualization of geo-spatial point sets via global shape transformation and local pixel placement},
  author={Panse, Christian and Sips, Mike and Keim, Daniel A and North, Stephen C},
  journal={Visualization and Computer Graphics, IEEE Transactions on},
  volume={12},
  number={5},
  pages={749--756},
  year={2006},
  publisher={IEEE}
}

@book{pinnel2000design,
  title={Design of visualizations for urban modeling},
  author={Pinnel, L Denise and Dockrey, Matthew and Brush, AJ Bernheim and Borning, Alan},
  year={2000},
  publisher={Springer}
}

@article{dykes2007geographically,
  title={Geographically weighted visualization: interactive graphics for scale-varying exploratory analysis},
  author={Dykes, Jason and Brunsdon, Chris},
  journal={Visualization and Computer Graphics, IEEE Transactions on},
  volume={13},
  number={6},
  pages={1161--1168},
  year={2007},
  publisher={IEEE}
}

@article{vanegas2009visualization,
  title={Visualization of simulated urban spaces: Inferring parameterized generation of streets, parcels, and aerial imagery},
  author={Vanegas, Carlos A and Aliaga, Daniel G and Benes, Bedrich and Waddell, Paul},
  journal={Visualization and Computer Graphics, IEEE Transactions on},
  volume={15},
  number={3},
  pages={424--435},
  year={2009},
  publisher={IEEE}
}

@article{waddell2004introduction,
  title={INTRODUCTION TO URBAN SIMULATION: DESIGN AND DEVELOPMENT OF OPERATIONAL},
  author={Waddell, Paul and Ulfarsson, Gudmundur Freyr},
  year={2004}
}

@article{waddell2002urbansim,
  title={UrbanSim: Modeling urban development for land use, transportation, and environmental planning},
  author={Waddell, Paul},
  journal={Journal of the American Planning Association},
  volume={68},
  number={3},
  pages={297--314},
  year={2002},
  publisher={Taylor \& Francis}
}

@article{waddell2011integrated,
  title={Integrated land use and transportation planning and modelling: addressing challenges in research and practice},
  author={Waddell, Paul},
  journal={Transport Reviews},
  volume={31},
  number={2},
  pages={209--229},
  year={2011},
  publisher={Taylor \& Francis}
}

@inproceedings{fu2010logistics,
  title={The logistics network system based on the Google Maps API},
  author={Fu, Cong and Wang, Yan and Xu, Yanqing and Li, Qingquan},
  booktitle={Logistics Systems and Intelligent Management, 2010 International Conference on},
  volume={3},
  pages={1486--1489},
  year={2010},
  organization={IEEE}
}

@inproceedings{wu2013design,
  title={Design and implementation of tourism information system based on Google Maps API},
  author={Wu, Yimeng and Liang, Zhixue and Liu, Liming},
  booktitle={Geoinformatics (GEOINFORMATICS), 2013 21st International Conference on},
  pages={1--4},
  year={2013},
  organization={IEEE}
}

@inproceedings{pejic2009expert,
  title={An expert system for tourists using Google Maps API},
  author={Pejic, A and Pletl, S and Pejic, B},
  booktitle={Intelligent Systems and Informatics, 2009. SISY'09. 7th International Symposium on},
  pages={317--322},
  year={2009},
  organization={IEEE}
}

@inproceedings{zhang2010land,
  title={Land use information release system based on Google Maps API and XML},
  author={Zhang, Hao and Li, Manchun and Chen, Zhenjie and Bao, Zhiliang and Huang, Qiuhao and Cai, Dong},
  booktitle={Geoinformatics, 2010 18th International Conference on},
  pages={1--4},
  year={2010},
  organization={IEEE}
}

@inproceedings{wang2010settlement,
  title={Settlement information management system of Beijing-Shanghai High-Speed Railway based on Google Map Service},
  author={Wang, Yanbin and Zhou, Wensheng},
  booktitle={Geoscience and Remote Sensing Symposium (IGARSS), 2010 IEEE International},
  pages={2326--2329},
  year={2010},
  organization={IEEE}
}

@article{al1999using,
  title={Using visualization techniques for enhancing public participation in planning and design: process, implementation, and evaluation},
  author={Al-Kodmany, Kheir},
  journal={Landscape and urban planning},
  volume={45},
  number={1},
  pages={37--45},
  year={1999},
  publisher={Elsevier}
}